% Copyright (C) 2017, The HSF Community White Paper authors, licence CC-BY-4.0.
    
% When articles are published in arXiv uncomment and fill in the fields
%  eprint, primaryClass and archivePrefix; also update the author list
% If an article is published in a journal then update the bibtex to an
% "article" entry


@techreport{HSF-CWP-2017-01,
  title = {A Roadmap for HEP Software and Computing R\&D in the 2020s},
  author = {The HEP Software Foundation},
  institution = {HEP Software Foundation},
  number = {HSF-CWP-2017-01},
  archivePrefix = "arXiv",
  eprint        = "1712.06982",
  primaryClass  = "physics.comp-ph",
  year = "2017",
}

@techreport{HSF-CWP-2017-02,
	title = {HEP Software Foundation Community White Paper Working Group -- Careers \& Training},
	author = "The HEP Software Foundation",
	year = 2017,
	institution = {HEP Software Foundation},
	number = {HSF-CWP-2017-02},
    %archivePrefix = "arXiv",
    %eprint        = "XXX.YYYY",
    %primaryClass  = "physics.comp-ph",
}

@techreport{HSF-CWP-2017-03,
	title = {HEP Software Foundation Community White Paper Working Group -- Conditions Data},
	author = "The HEP Software Foundation",
	year = 2017,
	institution = {HEP Software Foundation},
	number = {HSF-CWP-2017-03},
    %archivePrefix = "arXiv",
    %eprint        = "XXX.YYYY",
    %primaryClass  = "physics.comp-ph",
}

@techreport{HSF-CWP-2017-04,
	title = {HEP Software Foundation Community White Paper Working Group -- Data Organisation, Management and Access},
	author = "The HEP Software Foundation",
	year = 2017,
	institution = {HEP Software Foundation},
	number = {HSF-CWP-2017-04},
    %archivePrefix = "arXiv",
    %eprint        = "XXX.YYYY",
    %primaryClass  = "physics.comp-ph",
}

@techreport{HSF-CWP-2017-05,
	title = {HEP Software Foundation Community White Paper Working Group -- Data Analysis and Interpretation},
	author = "The HEP Software Foundation",
	year = 2017,
	institution = {HEP Software Foundation},
	number = {HSF-CWP-2017-05},
    %archivePrefix = "arXiv",
    %eprint        = "XXX.YYYY",
    %primaryClass  = "physics.comp-ph",
}

@techreport{HSF-CWP-2017-06,
	title = {HEP Software Foundation Community White Paper Working Group -- Data and Software Preservation},
	author = "The HEP Software Foundation",
	year = 2017,
	institution = {HEP Software Foundation},
	number = {HSF-CWP-2017-06},
    %archivePrefix = "arXiv",
    %eprint        = "XXX.YYYY",
    %primaryClass  = "physics.comp-ph",
}

@techreport{HSF-CWP-2017-07,
	title = {HEP Software Foundation Community White Paper Working Group -- Detector Simulation},
	author = "The HEP Software Foundation",
	year = 2017,
	institution = {HEP Software Foundation},
	number = {HSF-CWP-2017-07},
    %archivePrefix = "arXiv",
    %eprint        = "XXX.YYYY",
    %primaryClass  = "physics.comp-ph",
}

@techreport{HSF-CWP-2017-08,
	title = {HEP Software Foundation Community White Paper Working Group -- Event/Data Processing Frameworks},
	author = "The HEP Software Foundation",
	year = 2017,
	institution = {HEP Software Foundation},
	number = {HSF-CWP-2017-08},
    %archivePrefix = "arXiv",
    %eprint        = "XXX.YYYY",
    %primaryClass  = "physics.comp-ph",
}

@techreport{HSF-CWP-2017-09,
	title = {HEP Software Foundation Community White Paper Working Group -- Facilities and Distributed Computing},
	author = "The HEP Software Foundation",
	year = 2017,
	institution = {HEP Software Foundation},
	number = {HSF-CWP-2017-09},
    %archivePrefix = "arXiv",
    %eprint        = "XXX.YYYY",
    %primaryClass  = "physics.comp-ph",
}

@techreport{HSF-CWP-2017-10,
	title = {HEP Software Foundation Community White Paper Working Group -- Machine Learning},
	author = "The HEP Software Foundation",
	year = 2017,
	institution = {HEP Software Foundation},
	number = {HSF-CWP-2017-10},
    %archivePrefix = "arXiv",
    %eprint        = "XXX.YYYY",
    %primaryClass  = "physics.comp-ph",
}

@techreport{HSF-CWP-2017-11,
	title = {HEP Software Foundation Community White Paper Working Group -- Physics Generators},
	author = "The HEP Software Foundation",
	year = 2017,
	institution = {HEP Software Foundation},
	number = {HSF-CWP-2017-11},
    %archivePrefix = "arXiv",
    %eprint        = "XXX.YYYY",
    %primaryClass  = "physics.comp-ph",
}

@techreport{HSF-CWP-2017-12,
	title = {HEP Software Foundation Community White Paper Working Group -- Security},
	author = "The HEP Software Foundation",
	year = 2017,
	institution = {HEP Software Foundation},
	number = {HSF-CWP-2017-12},
    %archivePrefix = "arXiv",
    %eprint        = "XXX.YYYY",
    %primaryClass  = "physics.comp-ph",
}

@techreport{HSF-CWP-2017-13,
	title = {HEP Software Foundation Community White Paper Working Group -- Software Development, Deployment and Validation},
	author = "Benjamin Couturier and Giulio Eulisse and Hadrien Grasland and Benedikt Hegner and 
	Michel Jouvin and Meghan Kane and Daniel S. Katz and Thomas Kuhr and David Lange and 
	Patricia Mendez Lorenzo and Martin Ritter and Graeme Andrew Stewart and Andrea Valassi",
	year = 2017,
	institution = {HEP Software Foundation},
	number = {HSF-CWP-2017-13},
    %archivePrefix = "arXiv",
    %eprint        = "XXX.YYYY",
    %primaryClass  = "physics.comp-ph",
}

@techreport{HSF-CWP-2017-14,
	title = {HEP Software Foundation Community White Paper Working Group -- Software Trigger and Event Reconstruction},
	author = "The HEP Software Foundation",
	year = 2017,
	institution = {HEP Software Foundation},
	number = {HSF-CWP-2017-14},
    %archivePrefix = "arXiv",
    %eprint        = "XXX.YYYY",
    %primaryClass  = "physics.comp-ph",
}

@techreport{HSF-CWP-2017-15,
	title = {HEP Software Foundation Community White Paper Working Group -- Visualisation},
	author = "The HEP Software Foundation",
	year = 2017,
	institution = {HEP Software Foundation},
	number = {HSF-CWP-2017-15},
    %archivePrefix = "arXiv",
    %eprint        = "XXX.YYYY",
    %primaryClass  = "physics.comp-ph",
}

