% Please edit your entries to use the correct entry type and fill all required fields!

% https://tex.stackexchange.com/questions/64352/citing-a-web-page-with-no-author

@proceedings{mlhep,
  title = "{Third Machine Learning in High Energy Physics Summer School 2017}",
  booktitle = "{Third Machine Learning in High Energy Physcis Summer School 2017}",
  year = {2017},
  url = "https://indico.cern.ch/event/613571/"
}

@INPROCEEDINGS{2016chep.confE.334B,
   author = {{Bel}, L.},
    title = "{The LHCb Starterkit}",
booktitle = {Proceedings of the 38th International Conference on High Energy Physics (ICHEP2016). 3-10 August 2016. Chicago, USA.},
     year = 2016,
      eid = {334},
    pages = {334},
   adsurl = {http://adsabs.harvard.edu/abs/2016chep.confE.334B},
  adsnote = {Provided by the SAO/NASA Astrophysics Data System}
}