@misc{HSF2017,
howpublished={http://hepsoftwarefoundation.org/activities/cwp.html}
}

@misc{RECOCWP,
howpublished={To be published}
}

@misc{Campana2016,
author={S. Campana},
title={Presentation to the 2016 Aix-les-Bains ECFA HL-LHC workshop},
howpublished={ Oct 3 2016 https://indico.cern.ch/event/524795/.../ECFA2016.pdf}

}
@misc{ATLAS2015,
author={ATLAS Collaboration},
title={ATLAS Phase-II Upgrade Scoping Document},
howpublished={CERN-LHCC-2015-020, LHCC-G-166 (2015) (https://cds.cern.ch/record/2055248)}
}

%\bibitem{ATLAS2015} ATLAS Collaboration, \textit{ATLAS Phase-II Upgrade Scoping Document},
%CERN-LHCC-2015-020, LHCC-G-166 (2015) (https://cds.cern.ch/record/2055248).

@misc{CMS2015,
author={CMS Collaboration},
title={“Technical Proposal for the Phase-II Upgrade of the CMS Detector”}, 
howpublished={CERN-LHCC-2015-010, LHCC-P-008, CMS-TDR-15-02 (2015) https://cds.cern.ch/record/2020886.} 
}

@misc{LHCb2014,
author={LHCb Collaboration}, 
title={“LHCb Trigger and Online Upgrade Technical Design Report”},
howpublished={CERN-LHCC-2014-016 (2014) (https://cds.cern.ch/record/1701361)}

}
@misc{ALICE2015,
author={ALICE Collaboration}, 
title={“Technical Design Report for the Upgrade of the Online-Offline Computing System”}, 
howpublished={(https://cds.cern.ch/record/2011297)}
}

@misc{Bird2014,
author={I. Bird, et. al.}, 
title={“Update of the Computing Models of the WLCG and the LHC Experiments”},
howpublished={ CERN-LHCC-2014-014, (2014), (http://cds.cern.ch/record/../LCG-TDR-002.pdf)} 
}

@misc{Brun1996,
author={R. Brun and F. Rademakers},
title={“ROOT - An Object Oriented Data Analysis Framework”}, 
howpublished={Proceedings AIHENP'96 Workshop, Lausanne, Sep. 1996, Nucl. Inst. \& Meth. in Phys. Res. A 389 (1997) 81-86. See also http://root.cern.ch/}
}

@misc{Aaij2016,
author={R. Aaij, et. al.}, 
title={“Tesla : an application for real-time data analysis in High Energy Physics”}, 
howpublished={Comput. Phys. Commun. 208 (2016) 35-42 (https://cds.cern.ch/record/2147693)}
}

@Article{ATLAS2017,
AUTHOR={ATLAS Collaboration},
TITLE={Performance of the ATLAS Trigger System in 2015} ,
JOURNAL={Eur. Phys. J.} ,
VOLUME=C77, 
NUMBER=5 ,
PAGES=317 ,
YEAR=2017 ,
DOI=https://inspirehep.net/record/1500696 
}

%this needs to go in atlas2017 as well
%Trigger-object Level Analysis with the ATLAS detector at the Large Hadron Collider: summary and perspectives, ATL-DAQ-PUB-2017-003 (2017) (https://cds.cern.ch/record/2295739)


@Article{CMS2016,
AUTHOR = {CMS Collaboration} ,
TITLE = {Search for narrow resonances in dijet final states at s√= 8 TeV with the novel CMS technique of data scouting},
JOURNAL = {Phys. Rev. Lett.},
VOLUME = 117 ,
YEAR = 2016 ,
NUMBER = 031802, 
DOI=https://cds.cern.ch/record/2149625 

}

