%% This BibTeX bibliography file was created using BibDesk.
%% http://bibdesk.sourceforge.net/

%% Created for Riccardo Maria Bianchi at 2018-07-10 16:25:51 +0200


%% Saved with string encoding Unicode (UTF-8)



@url{QtFramework,
	Date-Added = {2018-06-21 14:00:58 +0000},
	Date-Modified = {2018-06-21 14:08:41 +0000},
	Lastchecked = {21/06/2018},
	Title = {The Qt software development framework},
	Url = {https://www.qt.io/}}

@url{CoinEndOfLifeLetter,
	Date-Added = {2018-06-21 13:26:47 +0000},
	Date-Modified = {2018-06-21 13:27:31 +0000},
	Lastchecked = {21/06/2018},
	Title = {Coin3D "End of life letter"},
	Url = {https://bitbucket.org/Coin3D/coin/wiki/EndOfLifeLetter}}

@inproceedings{Bohak2017,
	Address = {Opatija, Croatia},
	Author = {P. Lavri{\v c} and C. Bohak and M. Marolt},
	Booktitle = {MIPRO 2017: 40th Jubilee International Convention},
	Date-Added = {2018-06-19 09:28:18 +0000},
	Date-Modified = {2018-06-19 09:56:28 +0000},
	Month = {5},
	Pages = {276--280},
	Title = {Collaborative view-aligned annotations in web-based {3D} medical data visualization},
	Url = {http://lgm.fri.uni-lj.si/wp-content/uploads/2017/10/1537435587.pdf},
	Year = {2017},
	Bdsk-Url-1 = {http://lgm.fri.uni-lj.si/wp-content/uploads/2017/10/1537435587.pdf}}

@url{Godot,
	Author = {Juan Linietsky and Ariel Manzur and contributors},
	Date-Added = {2018-06-19 09:27:23 +0000},
	Date-Modified = {2018-06-19 16:42:16 +0000},
	Lastchecked = {19/06/2018},
	Title = {{The Godot game engine}},
	Url = {https://godotengine.org/},
	Bdsk-Url-1 = {https://godotengine.org/}}

@url{Qt3d,
	Date-Added = {2018-06-19 09:23:43 +0000},
	Date-Modified = {2018-06-19 09:57:43 +0000},
	Lastchecked = {19/06/2018},
	Title = {{The Qt 3D framework}},
	Url = {https://doc.qt.io/qt-5.11/qt3d-index.html},
	Bdsk-Url-1 = {https://doc.qt.io/qt-5.11/qt3d-index.html}}

@url{BelleII,
	Date-Added = {2018-06-19 09:20:55 +0000},
	Date-Modified = {2018-06-19 09:59:21 +0000},
	Lastchecked = {19/06/2018},
	Title = {{The Belle II Experiment}},
	Url = {http://belle2.jp},
	Bdsk-Url-1 = {http://belle2.jp}}

@url{AFrame,
	Date-Added = {2018-06-19 09:12:09 +0000},
	Date-Modified = {2018-06-19 09:55:45 +0000},
	Lastchecked = {19/06/2018},
	Title = {{AFrame} - A web framework for building virtual reality experiences},
	Url = {https://aframe.io/},
	Bdsk-Url-1 = {https://aframe.io/}}

@url{CMSAFrame,
	Title = {{CMS AFrame}},
	Url = {https://github.com/HEPPanoramic/cms-aframe},
	Bdsk-Url-1 = {https://github.com/HEPPanoramic/cms-aframe}
}

@url{WebXR,
	Date-Added = {2018-06-19 09:09:47 +0000},
	Date-Modified = {2018-06-19 16:41:51 +0000},
	Lastchecked = {19/06/2018},
	Title = {{WebXR Device API}},
	Url = {https://immersive-web.github.io/webxr/},
	Bdsk-Url-1 = {https://immersive-web.github.io/webxr/}}

@url{WebVR,
	Date-Added = {2018-06-19 09:07:42 +0000},
	Date-Modified = {2018-06-19 16:41:32 +0000},
	Lastchecked = {19/06/2018},
	Title = {{WebVR API}},
	Url = {https://immersive-web.github.io/webvr/},
	Bdsk-Url-1 = {https://immersive-web.github.io/webvr/}}

@url{Unity3D,
	Date-Added = {2018-06-19 09:05:03 +0000},
	Date-Modified = {2018-06-19 09:58:31 +0000},
	Lastchecked = {19/06/2018},
	Title = {{Unity Technologies - The Unity3D game engine}},
	Url = {https://unity3d.com},
	Bdsk-Url-1 = {https://unity3d.com}}

@url{SketchFabBelleII,
	Date-Added = {2018-06-19 09:03:07 +0000},
	Date-Modified = {2018-06-19 09:59:11 +0000},
	Lastchecked = {19/06/2018},
	Title = {{BelleII VR models on Sketchfab}},
	Url = {https://sketchfab.com/models/6c7aa0c71dc64079b08a0dddfa756ef3},
	Bdsk-Url-1 = {https://sketchfab.com/models/6c7aa0c71dc64079b08a0dddfa756ef3}}

@url{SketchFab,
	Date-Added = {2018-06-19 08:42:45 +0000},
	Date-Modified = {2018-06-19 08:46:21 +0000},
	Lastchecked = {19/06/2018},
	Title = {Sketchfab},
	Url = {https://sketchfab.com},
	Bdsk-Url-1 = {https://sketchfab.com}}

@url{glTF,
	Date-Added = {2018-06-19 08:39:33 +0000},
	Date-Modified = {2018-06-19 10:03:52 +0000},
	Lastchecked = {19/06/2018},
	Title = {{KHRONOS Group --- glTF - The GL Transmission Format}},
	Url = {https://www.khronos.org/gltf/},
	Bdsk-Url-1 = {https://www.khronos.org/gltf/}}

@article{Tukey1962,
	Author = {J. W. Tukey},
	Date-Added = {2018-06-19 08:36:34 +0000},
	Date-Modified = {2018-06-19 08:37:48 +0000},
	Journal = {The Annals of Mathematical Statistics},
	Number = {1},
	Pages = {1-67},
	Title = {The Future of Data Analysis},
	Url = {http://www.jstor.org/stable/2237638},
	Volume = {33},
	Year = {1962},
	Bdsk-Url-1 = {http://www.jstor.org/stable/2237638}}

@conference{LHCbEventDisplays2017,
	Address = {CERN},
	Author = {B. Couturier},
	Booktitle = {HSF Visualization Workshop},
	Date-Added = {2018-06-19 08:33:59 +0000},
	Date-Modified = {2018-06-19 08:36:21 +0000},
	Organization = {HSF},
	Title = {Event Displays in LHCb},
	Url = {https://indico.cern.ch/event/617054/contributions/2529736/},
	Year = {2017},
	Bdsk-Url-1 = {https://indico.cern.ch/event/617054/contributions/2529736/}}

@url{HSFVizRepo,
	Author = {{HSF Visualization Working Group GitHub repository}},
	Date-Added = {2018-06-19 08:33:14 +0000},
	Date-Modified = {2018-06-19 16:43:55 +0000},
	Url = {https://github.com/HEP-SF/Visualization},
	Bdsk-Url-1 = {https://github.com/HEP-SF/Visualization}}

@conference{HSFViz2017,
	Address = {CERN},
	Author = {HSF},
	Date-Added = {2018-06-19 08:31:55 +0000},
	Date-Modified = {2018-06-19 16:42:42 +0000},
	Title = {{HSF Visualization Workshop}},
	Url = {https://indico.cern.ch/event/617054/},
	Year = {2017},
	Bdsk-Url-1 = {https://indico.cern.ch/event/617054/}
}

@conference{HSFViz2017Mini,
	Address = {CERN},
	Author = {HSF},
	Date-Added = {2018-09-12 08:31:55 +0000},
	Date-Modified = {2018-09-12 16:42:42 +0000},
	Title = {{HSF Mini-workshop on GUI, graphic libraries, interactive visualization}},
	Url = {https://indico.cern.ch/event/628675/},
	Year = {2017},
	Bdsk-Url-1 = {https://indico.cern.ch/event/628675/}
}


@url{EpicUnreal,
	Date-Added = {2018-06-19 08:26:01 +0000},
	Date-Modified = {2018-06-19 10:03:03 +0000},
	Lastchecked = {19/06/2018},
	Title = {{Epic Games - The ``Unreal Engine'' game engine}},
	Url = {https://www.unrealengine.com},
	Bdsk-Url-1 = {https://www.unrealengine.com}}

@article{ATLASGeoModel2017,
	Author = {R.M. Bianchi and J. Boudreau and I. Vukotic},
	Date-Added = {2018-06-18 17:01:33 +0000},
	Date-Modified = {2018-06-18 17:03:57 +0000},
	Doi = {https://doi.org/10.1088/1742-6596/898/7/072015},
	Journal = {J. Phys.: Conf. Ser.},
	Local-Url = {https://indico.cern.ch/event/567550/contributions/2628864/},
	Number = {072015},
	Title = {A new experiment-independent mechanism to persistify and serve the detector geometry of ATLAS},
	Volume = {898},
	Year = {2017},
	Bdsk-Url-1 = {https://doi.org/10.1088/1742-6596/898/7/072015}}

@article{ATLASEventDisplays2016,
	Author = {R. M. Bianchi and others},
	Date-Added = {2018-06-18 16:58:02 +0000},
	Date-Modified = {2018-06-19 16:28:34 +0000},
	Doi = {https://doi.org/10.1088/1742-6596/898/7/072014},
	Journal = {J.Phys.Conf.Ser.},
	Local-Url = {https://indico.cern.ch/event/505613/contributions/2228333/},
	Number = {072014},
	Title = {Event visualisation in ATLAS: current software technologies / future prospects and trends},
	Volume = {898},
	Year = {2017},
	Bdsk-Url-1 = {https://doi.org/10.1088/1742-6596/898/7/072014}}

@url{ATLASED072015,
	Date-Added = {2018-06-18 16:55:11 +0000},
	Date-Modified = {2018-06-19 10:00:09 +0000},
	Title = {{ATLAS Collaboration - 13 TeV Stable Beam Collisions}},
	Url = {https://twiki.cern.ch/twiki/pub/AtlasPublic/EventDisplayRun2Collisions/JiveXML_271298_403602858-RZ-LegoPlot-EventInfo-RZ-YX-2015-08-06-15-01-42.png},
	Bdsk-Url-1 = {https://twiki.cern.ch/twiki/pub/AtlasPublic/EventDisplayRun2Collisions/JiveXML_271298_403602858-RZ-LegoPlot-EventInfo-RZ-YX-2015-08-06-15-01-42.png}}

@url{ATLASED042016,
	Date-Added = {2018-06-18 16:53:31 +0000},
	Date-Modified = {2018-06-19 10:00:27 +0000},
	Author = {{ATLAS Collaboration}},
	Title = {{ATLAS Events at 13 TeV - First 2016 Stable Beams}},
	Url = {https://cds.cern.ch/record/2148236},
	Bdsk-Url-1 = {https://cds.cern.ch/record/2148236}}

@url{LHCbED,
	Date-Added = {2018-06-18 16:53:31 +0000},
	Date-Modified = {2018-06-19 10:00:27 +0000},
	Author = {{LHCb Collaboration}},
	Title = {{Event collected at the beginning of 2018 data taking}},
	Url = {http://cds.cern.ch/record/2315673},
	Bdsk-Url-1 = {http://cds.cern.ch/record/2315673}}

@url{ALICEED,
	Date-Added = {2018-06-18 16:53:31 +0000},
	Date-Modified = {2018-06-19 10:00:27 +0000},
	Author = {{ALICE Collaboration}},
	Title = {{One of the first Xenon-Xenon collisions at LHC registered by ALICE}},
	Url = {https://cds.cern.ch/record/2289018},
	Bdsk-Url-1 = {https://cds.cern.ch/record/2289018}}

@url{BelleIIVRED,
	Date-Added = {2018-06-18 16:53:31 +0000},
	Date-Modified = {2018-06-19 10:00:27 +0000},
	Author = {{Leo Piilonen \& Belle II Collaboration}},
	Title = {{Belle II in Virtual Reality}},
	Url = {http://www1.phys.vt.edu/~piilonen/VR/},
	Bdsk-Url-1 = http://www1.phys.vt.edu/~piilonen/VR/}}



@url{Plotly2015,
	Date-Added = {2018-06-18 16:53:08 +0000},
	Date-Modified = {2018-06-18 16:53:19 +0000},
	Title = {Plotly},
	Url = {https://plot.ly},
	Bdsk-Url-1 = {https://plot.ly}}

@url{continuum,
	Date-Added = {2018-06-18 16:52:49 +0000},
	Date-Modified = {2018-06-18 16:53:02 +0000},
	Title = {Continuum},
	Url = {https://www.continuum.io/},
	Bdsk-Url-1 = {https://www.continuum.io/}}

@url{Bokeh2014,
	Date-Added = {2018-06-18 16:52:26 +0000},
	Date-Modified = {2018-06-18 16:52:43 +0000},
	Title = {Bokeh},
	Url = {http://www.bokeh.pydata.org},
	Bdsk-Url-1 = {http://www.bokeh.pydata.org}}

@inproceedings{D32011,
	Author = {M. Bostock and others},
	Booktitle = {IEEE Trans. Visualization \& Comp. Graphics (Proc. InfoVis)},
	Date-Added = {2018-06-18 16:51:34 +0000},
	Date-Modified = {2018-06-19 16:40:58 +0000},
	Title = {{D3: Data-Driven Documents}},
	Url = {http://vis.stanford.edu/papers/d3},
	Year = {2011},
	Bdsk-Url-1 = {http://vis.stanford.edu/papers/d3}}

@conference{phystat05,
	Address = {Oxford},
	Author = {Marc Paterno},
	Booktitle = {PhyStat05},
	Date-Added = {2018-06-18 16:51:02 +0000},
	Date-Modified = {2018-06-19 16:40:39 +0000},
	Title = {{Easy Data Analysis Using R}},
	Url = {http://www.physics.ox.ac.uk/phystat05/Talks/PhyStat05-paterno.pdf},
	Year = {2005},
	Bdsk-Url-1 = {http://www.physics.ox.ac.uk/phystat05/Talks/PhyStat05-paterno.pdf}}

@book{Trellis,
	Author = {R. A. Becker and W. S. Cleveland},
	Date-Added = {2018-06-18 16:50:09 +0000},
	Date-Modified = {2018-06-18 16:50:51 +0000},
	Publisher = {MathSoft},
	Title = {S-PLUS Trellis Graphics User's Manual},
	Url = {http://ect.bell-labs.com/sl/project/trellis/software.writing.html},
	Year = {1996},
	Bdsk-Url-1 = {http://ect.bell-labs.com/sl/project/trellis/software.writing.html}}

@book{Wilkinson2005,
	Author = {L. Wilkinson},
	Date-Added = {2018-06-18 16:49:24 +0000},
	Date-Modified = {2018-06-19 15:53:55 +0000},
	Isbn = {ISBN 978-0387245447},
	Publisher = {Springer},
	Title = {The Grammar of Graphics},
	Year = {2005},
	doi = {10.1007/0-387-28695-0}
}

@book{Sarkar2008,
	Author = {D. Sarkar},
	Date-Added = {2018-06-18 16:47:58 +0000},
	Date-Modified = {2018-06-19 15:53:38 +0000},
	Isbn = {ISBN 978-0-387-75968-5},
	Publisher = {Springer-Verlag},
	Title = {Lattice: Multivariate Data Visualization with R},
	Year = {2008},
	doi = {10.1007/978-0-387-75969-2}
}

@book{Wickham2009,
	Address = {New York},
	Author = {H. Wickham},
	Date-Added = {2018-06-18 16:46:59 +0000},
	Date-Modified = {2018-06-18 16:47:48 +0000},
	Publisher = {Springer-Verlag},
	Title = {ggplot2: Elegant Graphics for Data Analysis},
	Year = {2009},
	doi = {10.1007/978-0-387-98141-3}
}

@url{seaborn,
	Date-Added = {2018-06-18 16:46:34 +0000},
	Date-Modified = {2018-06-18 16:46:49 +0000},
	Title = {Seaborn},
	Url = {https://seaborn.pydata.org},
	Bdsk-Url-1 = {https://seaborn.pydata.org}
}

@article{Hunter2007,
	Author = {J.D. Hunter},
	Date-Added = {2018-06-18 16:45:26 +0000},
	Date-Modified = {2018-06-18 16:46:25 +0000},
	Doi = {http://dx.doi.org/10.1109/MCSE.2007.55},
	Journal = {Computing In Science \& Engineering},
	Number = {3},
	Title = {Matplotlib: A 2D graphics environment},
	Volume = {9},
	Year = {2007},
	Bdsk-Url-1 = {http://dx.doi.org/10.1109/MCSE.2007.55}
}

@url{VanderPlas2017,
	Author = {{Jake VanderPlas}},
	Date-Added = {2018-06-18 16:45:02 +0000},
	Date-Modified = {2018-06-19 16:36:54 +0000},
	Title = {Python's Visualization Landscape (PyCon 2017)},
	Url = {https://speakerdeck.com/jakevdp/pythons-visualization-landscape-pycon-2017},
	Bdsk-Url-1 = {https://speakerdeck.com/jakevdp/pythons-visualization-landscape-pycon-2017}
}

@url{rootjs,
	Date-Added = {2018-06-18 16:44:37 +0000},
	Date-Modified = {2018-06-19 16:32:51 +0000},
	Lastchecked = {19/06/2018},
	Title = {{ROOTJS}},
	Url = {https://root.cern.ch/js/},
	Bdsk-Url-1 = {https://root.cern.ch/js/}
}

@url{PyROOT,
	Author = {{CERN}},
	Date-Added = {2018-06-18 16:44:37 +0000},
	Date-Modified = {2018-06-19 16:32:51 +0000},
	Lastchecked = {19/06/2018},
	Title = {{PyROOT}},
	Url = {https://root.cern.ch/pyroot},
	Bdsk-Url-1 = {https://root.cern.ch/pyroot}
}

@book{Tufte1986,
	Author = {E. R. Tufte},
	Date-Added = {2018-06-18 16:43:52 +0000},
	Date-Modified = {2018-06-19 16:30:15 +0000},
	Publisher = {Graphics Press},
	Title = {{The Visual Display of Quantitative Information}},
	Year = {1986}
}

@article{Geant4,
	Author = {J Allison and others},
	Date-Added = {2018-06-18 16:42:34 +0000},
	Date-Modified = {2018-06-19 16:29:05 +0000},
	Journal = {Nuclear Instruments and Methods in Physics Research A},
	Title = {Recent developments in Geant4},
	Url = {http://geant4.cern.ch/},
	Volume = {835},
	Year = {2016},
	Bdsk-Url-1 = {http://geant4.cern.ch/}
}

@article{Root1997,
	Author = {R. Brun and F. Rademakers},
	Date-Added = {2018-06-18 16:40:15 +0000},
	Date-Modified = {2018-06-19 16:30:44 +0000},
	Doi = {http://dx.doi.org/10.1016/S0168-9002(97)00048-X},
	Journal = {Nuclear Instruments and Methods A},
	Title = {{ROOT --- An object oriented data analysis framework}},
	Volume = {389},
	Year = {1997},
	Bdsk-Url-1 = {http://dx.doi.org/10.1016/S0168-9002(97)00048-X}
}

@article{sketchupSW,
	Author = {Trimble Inc.},
	Title = {SketchUp},
	Url = {https://www.sketchup.com/},
}

@article{CMSSketchUp,
	Author = {T. Sakuma and T. McCauley},
	Date-Added = {2018-06-18 16:39:18 +0000},
	Date-Modified = {2018-06-18 16:40:00 +0000},
	Journal = {J.Phys.Conf.Ser.},
	Number = {022032},
	Title = {Detector and Event Visualization with SketchUp at the CMS Experiment},
	Volume = {513},
	Year = {2014},
	doi  = {10.1088/1742-6596/513/2/022032}
}

@url{CMSSketchUpImages,
	Author = {{Tai Sakuma \& CMS Collaboration}},
	Date-Added = {2018-06-18 16:38:04 +0000},
	Date-Modified = {2018-06-19 10:01:32 +0000},
	Title = {{3D SketchUp images of the CMS detector}},
	Url = {https://cds.cern.ch/record/2628527},
	Bdsk-Url-1 = {https://cds.cern.ch/record/2628527}
}

@url{BelleIIVR,
	Author = {Leo Piilonen},
	Date-Added = {2018-06-18 16:38:04 +0000},
	Date-Modified = {2018-06-19 10:01:32 +0000},
	Title = {{Belle II in Virtual Reality}},
	Url = {http://www1.phys.vt.edu/~piilonen/VR/},
	Bdsk-Url-1 = {http://www1.phys.vt.edu/~piilonen/VR/}
}

@url{ATLASRift,
	Author = {{Ilija Vukotic \& ATLAS Collaboration}},
	Date-Added = {2018-06-18 16:37:16 +0000},
	Date-Modified = {2018-06-19 10:00:52 +0000},
	Lastchecked = {19/06/2018},
	Title = {{ATLASRift, the ATLAS VR experience}},
	Url = {https://atlasrift.web.cern.ch/},
	Bdsk-Url-1 = {https://atlasrift.web.cern.ch/}
}

@url{GoogleCardboard,
	Author = {Google},
	Date-Added = {2018-06-18 16:36:32 +0000},
	Date-Modified = {2018-06-19 10:06:00 +0000},
	Title = {{Google Cardboard}},
	Url = {https://vr.google.com/cardboard/},
	Bdsk-Url-1 = {https://vr.google.com/cardboard/}
}

@url{GoogleDaydream,
	Author = {Google},
	Date-Added = {2018-06-18 16:36:32 +0000},
	Date-Modified = {2018-06-19 10:06:00 +0000},
	Title = {{Google Daydream}},
	Url = {https://vr.google.com/daydream/},
	Bdsk-Url-1 = {https://vr.google.com/daydream/}
}

@url{SamsungGearVR,
	Author = {Samsung Electronics},
	Title = {{Samsung Gear VR}},
	Url = {https://www.samsung.com/global/galaxy/gear-vr},
	Bdsk-Url-1 = {https://www.samsung.com/global/galaxy/gear-vr}
}

@url{OculusRift,
	Author = {Oculus VR, LLC.},
	Date-Added = {2018-07-17 16:36:32 +0000},
	Date-Modified = {2018-07-18 10:06:00 +0000},
	Title = {{Oculus Rift}},
	Url = {https://www.oculus.com/rift/},
	Bdsk-Url-1 = {https://www.oculus.com/rift/}
}

@url{OculusGo,
	Author = {Oculus VR, LLC.},
	Date-Added = {2018-07-17 16:36:32 +0000},
	Date-Modified = {2018-07-18 10:06:00 +0000},
	Title = {{Oculus Go}},
	Url = {https://www.oculus.com/go/},
	Bdsk-Url-1 = {https://www.oculus.com/go/}
}

@url{LenovoMirageSolo,
	Author = {Google, Lenovo Group Ltd.},
	Title = {{Lenovo Mirage Solo}},
	Url = {https://vr.google.com/daydream/standalonevr/},
	Bdsk-Url-1 = {https://vr.google.com/daydream/standalonevr/}
}

@url{HTCVive,
	Author = {HTC Corporation},
	Date-Added = {2018-07-17 16:36:32 +0000},
	Date-Modified = {2018-07-18 10:06:00 +0000},
	Title = {{HTC Vive}},
	Url = {https://www.vive.com/eu/},
	Bdsk-Url-1 = {https://www.vive.com/eu/}
}


@url{CERNTEV,
	Date-Added = {2018-06-18 16:34:32 +0000},
	Date-Modified = {2018-06-19 10:02:10 +0000},
	Title = {{CERN TEV visualization framework}},
	Url = {https://gitlab.cern.ch/CERNMediaLab/},
	Bdsk-Url-1 = {https://gitlab.cern.ch/CERNMediaLab/}
}

@url{CERNCamelia,
	Date-Added = {2018-06-18 16:33:54 +0000},
	Date-Modified = {2018-06-19 10:02:40 +0000},
	Lastchecked = {19/06/2018},
	Title = {{CERN Camelia visualization tool}},
	Url = {http://medialab.web.cern.ch/content/camelia},
	Bdsk-Url-1 = {http://medialab.web.cern.ch/content/camelia}
}

@url{LHSee,
	Date-Added = {2018-06-18 16:33:26 +0000},
	Date-Modified = {2018-06-19 16:25:19 +0000},
	Lastchecked = {18/06/2018},
	Title = {{LHSee}},
	Url = {https://www2.physics.ox.ac.uk/about-us/outreach/public/lhsee},
	Bdsk-Url-1 = {https://www2.physics.ox.ac.uk/about-us/outreach/public/lhsee}
}

@url{ThreeJS,
	Date-Added = {2018-06-18 16:31:34 +0000},
	Date-Modified = {2018-06-19 09:55:27 +0000},
	Title = {The {ThreeJS} {3D} graphics framework},
	Url = {https://threejs.org/},
	Bdsk-Url-1 = {https://threejs.org/}
}

@url{WebGL2011,
	Author = {{KHRONOS Group}},
	Date-Added = {2018-06-18 16:31:03 +0000},
	Date-Modified = {2018-06-19 16:14:48 +0000},
	Lastchecked = {19/06/2018},
	Title = {{WebGL - OpenGL ES for the Web}},
	Url = {https://www.khronos.org/webgl/},
	Bdsk-Url-1 = {https://www.khronos.org/webgl/}
}

@url{ATLASTracer2015,
	Author = {{ATLAS Collaboration}},
	Date-Added = {2018-06-18 16:30:10 +0000},
	Date-Modified = {2018-06-19 16:24:46 +0000},
	Lastchecked = {18/06/2018},
	Title = {{The ATLAS Tracer visualization tool}},
	Url = {https://atlas-tracer.web.cern.ch/},
	Bdsk-Url-1 = {https://atlas-tracer.web.cern.ch/}
}

@article{ATLASTada2016,
	Author = {G. Sabato and others},
	Date-Added = {2018-06-18 16:26:33 +0000},
	Date-Modified = {2018-06-19 16:27:25 +0000},
	Doi = {https://doi.org/10.1088/1742-6596/898/9/092015},
	Journal = {J.Phys.Conf.Ser.},
	Local-Url = {https://cds.cern.ch/record/2244283},
	Number = {092015},
	Title = {{ATLAS fast physics monitoring: TADA}},
	Volume = {898},
	Year = {2017},
	Bdsk-Url-1 = {https://doi.org/10.1088/1742-6596/898/9/092015}
}

@url{LHCbOnline2014,
	Date-Added = {2018-06-18 16:25:26 +0000},
	Date-Modified = {2018-06-19 10:04:02 +0000},
	Title = {{LHCb Online event display}},
	Url = {https://lhcb-public.web.cern.ch/lhcb-public/lbevent2/lbevent/},
	Bdsk-Url-1 = {https://lhcb-public.web.cern.ch/lhcb-public/lbevent2/lbevent/}
}

@article{CMSISpyWebGL,
	Author = {T. McCauley},
	Date-Added = {2018-06-18 16:22:10 +0000},
	Date-Modified = {2018-06-19 16:23:35 +0000},
	Journal = {J.Phys.Conf.Ser.},
	Number = {072030},
	Title = {{A browser-based event display for the CMS experiment at the LHC using WebGL}},
	Url = {http://cern.ch/ispy-webgl},
	Volume = {898},
	Year = {2017},
	Bdsk-Url-1 = {http://cern.ch/ispy-webgl}
}

@url{ATLASMinerva,
	Author = {{ATLAS Collaboration}},
	Date-Added = {2018-06-18 16:21:40 +0000},
	Date-Modified = {2018-06-19 16:15:46 +0000},
	Title = {{The ATLAS Minerva visualization tool}},
	Url = {http://cern.ch/atlas-minerva},
	Bdsk-Url-1 = {http://cern.ch/atlas-minerva}
}

@url{ATLASAtlantis,
	Author = {{ATLAS Collaboration}},
	Date-Added = {2018-06-18 16:20:56 +0000},
	Date-Modified = {2018-06-19 16:16:35 +0000},
	Title = {{The ATLAS Atlantis visualization tool}},
	Url = {http://www.cern.ch/atlantis},
	Bdsk-Url-1 = {http://www.cern.ch/atlantis}
}

@inproceedings{ATLASGeoModel2004,
	Author = {J. Boudreau and V. Tsulaia},
	Booktitle = {CHEP 2004},
	Date-Added = {2018-06-18 16:20:00 +0000},
	Date-Modified = {2018-06-19 16:22:44 +0000},
	Title = {{The GeoModel Toolkit for Detector Description}},
	Url = {https://cds.cern.ch/record/865601/},
	Year = {2004},
	Bdsk-Url-1 = {https://cds.cern.ch/record/865601/}
}

@article{CMSISpy,
	Author = {G. Alverson and others},
	Date-Added = {2018-06-18 16:18:40 +0000},
	Date-Modified = {2018-06-19 16:28:48 +0000},
	Journal = {J.Phys.Conf.Ser.},
	Number = {022002},
	Title = {{iSpy: A powerful and lightweight event display}},
	Volume = {396},
	Year = {2012}
}

@url{LHCbPanoramix,
	Author = {{LHCb Collaboration}},
	Date-Added = {2018-06-18 16:17:20 +0000},
	Date-Modified = {2018-06-19 16:17:27 +0000},
	Lastchecked = {18/06/2018},
	Title = {{The LHCb Panoramix visualization tool}},
	Url = {http://lhcb-comp.web.cern.ch/lhcb-comp/frameworks/Visualization/},
	Bdsk-Url-1 = {http://lhcb-comp.web.cern.ch/lhcb-comp/frameworks/Visualization/}
}

@article{ATLASVP12010,
	Author = {T. Kittelmann and V. Tsulaia and J. Boudreau and E. Moyse},
	Date-Added = {2018-06-18 16:15:51 +0000},
	Date-Modified = {2018-06-19 16:23:04 +0000},
	Journal = {Journal of Physics: Conference Series},
	Local-Url = {http://iopscience.iop.org/1742-6596/219/3/032012},
	Number = {3},
	Title = {{The Virtual Point 1 event display for the ATLAS experiment}},
	Url = {https://atlas-vp1.web.cern.ch/atlas-vp1},
	Volume = {219},
	Year = {2010},
	Bdsk-Url-1 = {https://atlas-vp1.web.cern.ch/atlas-vp1}
}

@url{Coin3D,
	Date-Added = {2018-06-18 16:11:42 +0000},
	Date-Modified = {2018-06-19 09:56:14 +0000},
	Lastchecked = {18/06/2018},
	Title = {The {Coin3D} graphics engine},
	Url = {https://bitbucket.org/Coin3D/coin/wiki/Home},
	Bdsk-Url-1 = {https://bitbucket.org/Coin3D/coin/wiki/Home}
}

@url{CMSIguana,
	Author = {{CMS Collaboration}},
	Date-Added = {2018-06-18 16:09:18 +0000},
	Date-Modified = {2018-06-19 16:21:49 +0000},
	Lastchecked = {18/06/2018},
	Title = {{Interactive Graphics for User Analysis}},
	Url = {http://iguana.web.cern.ch/iguana/},
	Bdsk-Url-1 = {http://iguana.web.cern.ch/iguana/}
}

@book{OpenInventor1993,
	Author = {J. Wernecke},
	Date-Added = {2018-06-18 14:59:04 +0000},
	Date-Modified = {2018-06-19 09:56:49 +0000},
	Publisher = {Addison-Wesley},
	Title = {{The {Inventor Mentor}: Programming Object-Oriented 3D Graphics with Open Inventor, Release 2}},
	Year = {1993}}

@inproceedings{alieve,
	Author = {Matevz Tadel and others},
	Booktitle = {CHEP 2006},
	Date-Added = {2018-06-18 14:57:06 +0000},
	Date-Modified = {2018-06-19 16:29:12 +0000},
	Title = {{ALICE Event Visualization Environment}},
	Url = {https://indico.cern.ch/event/408139/contributions/979909/},
	Year = {2006},
	Bdsk-Url-1 = {https://indico.cern.ch/event/408139/contributions/979909/}
}

@url{ROOTEVE2007,
	Date-Added = {2018-06-18 14:55:00 +0000},
	Date-Modified = {2018-06-19 10:04:49 +0000},
	Title = {{ROOT-EVE}},
	Url = {https://root.cern.ch/eve},
	Bdsk-Url-1 = {https://root.cern.ch/eve}}

@techreport{ATLASPersint2012,
	Author = {Chevalier, L and others},
	Date-Added = {2018-06-18 14:33:10 +0000},
	Date-Modified = {2018-06-19 16:29:23 +0000},
	Institution = {ATLAS Experiment, CERN},
	Local-Url = {http://cds.cern.ch/record/1501131},
	Number = {ATL-SOFT-PUB-2012-001},
	Title = {{PERSINT Event Display for ATLAS}},
	Url = {https://twiki.cern.ch/twiki/bin/viewauth/Atlas/PersintWiki},
	Year = {2012},
	Bdsk-Url-1 = {https://twiki.cern.ch/twiki/bin/viewauth/Atlas/PersintWiki}
}

@url{OpenGL1992,
	Author = {{KHRONOS Group}},
	Date-Added = {2018-06-18 14:32:25 +0000},
	Date-Modified = {2018-06-19 16:20:15 +0000},
	Lastchecked = {19/06/2018},
	Title = {{OpenGL}},
	Url = {https://www.opengl.org/about},
	Bdsk-Url-1 = {https://www.opengl.org/about}}

@url{Direct3D,
	Author = {{Microsoft}},
	Date-Added = {2018-09-20 17:38:00 +0000},
	Date-Modified = {2018-09-20 17:38:00 +0000},
	Lastchecked = {20/09/2018},
	Title = {{Direct3D}},
	Url = {https://docs.microsoft.com/en-us/windows/desktop/direct3d},
	Bdsk-Url-1 = {https://docs.microsoft.com/en-us/windows/desktop/direct3d}}

@article{CMSFireworks,
	Author = {L.A.T. Bauerdick and others},
	Date-Added = {2018-06-18 14:22:28 +0000},
	Date-Modified = {2018-06-19 16:28:11 +0000},
	Journal = {J.Phys.Conf.Ser.},
	Number = {072039},
	Title = {{Event display for the visualization of CMS events}},
	Url = {https://twiki.cern.ch/twiki/bin/view/CMSPublic/WorkBookFireworks},
	Volume = {331},
	Year = {2011},
	Bdsk-Url-1 = {https://twiki.cern.ch/twiki/bin/view/CMSPublic/WorkBookFireworks}
}

@article{CMSIguanaPaperNIM,
	title = "IGUANA: a high-performance 2D and 3D visualisation system",
	journal = "Nuclear Instruments and Methods in Physics Research Section A: Accelerators, Spectrometers, Detectors and Associated Equipment",
	volume = "534",
	number = "1",
	pages = "143 - 146",
	year = "2004",
	note = "Proceedings of the IXth International Workshop on Advanced Computing and Analysis Techniques in Physics Research",
	issn = "0168-9002",
	doi = "https://doi.org/10.1016/j.nima.2004.07.036",
	url = "http://www.sciencedirect.com/science/article/pii/S0168900204014950",
	author = "G. Alverson and G. Eulisse and S. Muzaffar and I. Osborne and L. Taylor and L.A. Tuura",
	keywords = "Graphics, User interface, IGUANA, CMS, LHC",
	abstract = "The IGUANA project has developed visualisation tools for multiple high-energy experiments. At the core of IGUANA is a generic, high-performance visualisation system based on OpenInventor and OpenGL. This paper describes the back-end and a feature-rich 3D visualisation system built on it, as well as a new 2D visualisation system that can automatically generate 2D views from 3D data, for example to produce R/Z or X/Y detector displays from existing 3D display with little effort. IGUANA has collaborated with the open-source gl2ps project to create a high-quality vector postscript output that can produce true vector graphics output from any OpenGL 2D or 3D display, complete with surface shading and culling of invisible surfaces. We describe how it works. We also describe how one can measure the memory and performance costs of various OpenInventor constructs and how to test scene graphs. We present good patterns to follow and bad patterns to avoid. We have added more advanced tools such as per-object clipping, slicing, lighting or animation, as well as multiple linked views with OpenInventor, and describe them in this paper. We give details on how to edit object appearance efficiently and easily, and even dynamically as a function of object properties, with instant visual feedback to the user."
}

@article{MoreThanALICE,
	author        = "Ouellette, Jeff",
	title         = "{More Than ALICE: Development of an augmented reality
	mobile application for the ALICE detector}",
	month         = "Aug",
	year          = "2016",
	reportNumber  = "CERN-STUDENTS-Note-2016-043",
	url           = "https://cds.cern.ch/record/2207593",
}

@url{AtlasPocket,
	Author = {{Steffen Henkelmann (University of British Columbia, CA) \& ATLAS Collaboration}},
	Date-Added = {2018-06-18 14:32:25 +0000},
	Date-Modified = {2018-06-19 16:20:15 +0000},
	Lastchecked = {18/07/2018},
	Title = {{ATLAS in your pocket --- An Augmented Reality application}},
	Url = {https://atlasinyourpocket.web.cern.ch/},
	Bdsk-Url-1 = {https://atlasinyourpocket.web.cern.ch/}
}

@url{VuforiaAR,
	Author = {{PTC Inc.}},
	Date-Added = {2018-06-18 14:32:25 +0000},
	Date-Modified = {2018-06-19 16:20:15 +0000},
	Lastchecked = {18/07/2018},
	Title = {{Vuforia AR framework}},
	Url = {https://www.vuforia.com/engine.html},
	Bdsk-Url-1 = {https://www.vuforia.com/engine.html}
}

@url{JupyterNotebook,
	Author = {{Project Jupyter}},
	Date-Added = {2018-06-18 14:32:25 +0000},
	Date-Modified = {2018-06-19 16:20:15 +0000},
	Lastchecked = {18/07/2018},
	Title = {{The Jupyter Notebook}},
	Url = {http://jupyter.org/},
	Bdsk-Url-1 = {http://jupyter.org/}
}

@article{Clemencic:2012cw,
	author         = {Clemencic, M. and Shapoval, I. and Cattaneo, M. and
	Degaudenzi, H. and Santinelli, R.},
	title          = {{LHCb conditions database operation assistance systems}},
	booktitle      = {{Proceedings, 19th International Conference on Computing
	in High Energy and Nuclear Physics (CHEP 2012): New York,
	USA, May 21-25, 2012}},
	journal        = "J. Phys. Conf. Ser.",
	volume         = "396",
	year           = "2012",
	pages          = "052022",
	doi            = "10.1088/1742-6596/396/5/052022",
	SLACcitation   = "%%CITATION = 00462,396,052022;%%"
}

@inproceedings{TadelALICE,
	author       = {Matevz Tadel},
	title        = {{ALICE Event Visualization Environment}},
	date         = {2006},
	booktitle    = {CHEP 2006},
	%booksubtitle = {Relativistic groups and analyticity},
	booktitleaddon= {Proceedings of the Computing in High Energy and Nuclear Physics conference},
	eventdate    = {2006-02-13/2006-02-17},
	venue        = {Tata Institute of Fundamental Research},
	location     = {Mumbai, India},
    url          = {https://indico.cern.ch/event/408139/contributions/979909/}
}

@url{BelleIIGeoExporters,
	Author = {{Belle II Collaboration}},
	Date-Added = {2018-06-18 14:32:25 +0000},
	Date-Modified = {2018-06-19 16:20:15 +0000},
	Lastchecked = {18/07/2018},
	Title = {{The Belle II Geometry Exporters}},
	Url = {https://github.com/HSF/Visualization/tree/master/demonstrators/GeometryWriters},
	Bdsk-Url-1 = {https://github.com/HSF/Visualization/tree/master/demonstrators/GeometryWriters}
}

@url{CMSED,
	Author = {{CMS Collaboration}},
	Date-Added = {2018-06-18 14:32:25 +0000},
	Date-Modified = {2018-06-19 16:20:15 +0000},
	Lastchecked = {18/07/2018},
	Title = {{Higgs boson produced via vector boson fusion event recorded by CMS (Run 2, 13 TeV)}},
	Url = {http://cds.cern.ch/record/2210658/},
	Bdsk-Url-1 = {http://cds.cern.ch/record/2210658/}
}




@url{vrml,
	%Author = {{Web3D Consortium}},
	Lastchecked = {12/09/2018},
	Title = {{VRML (Virtual Reality Modeling Language)}},
	Url = {https://en.wikipedia.org/wiki/VRML},
	Bdsk-Url-1 = {https://en.wikipedia.org/wiki/VRML}
}

@url{UnrealEngineBlueprints,
	Author = {{Epic Games, Inc.}},
	Lastchecked = {12/09/2018},
	Title = {{Blueprints Visual Scripting}},
	Url = {https://docs.unrealengine.com/en-us/Engine/Blueprints},
	Bdsk-Url-1 = {https://docs.unrealengine.com/en-us/Engine/Blueprints}
}

@url{vulkanAPI,
	Author = {{The Khronos Group Inc.}},
	Lastchecked = {12/09/2018},
	Title = {{The Vulkan API}},
	Url = {https://www.khronos.org/vulkan/},
	Bdsk-Url-1 = {https://www.khronos.org/vulkan/}
}

@url{nimLang,
	Author = {{Andreas Rumpf}},
	Lastchecked = {12/09/2018},
	Title = {{The Vulkan API}},
	Url = {https://nim-lang.org/},
	Bdsk-Url-1 = {https://nim-lang.org/}
}

@url{soqt,
	%Author = {{Andreas Rumpf}},
	Lastchecked = {12/09/2018},
	Title = {{The SoQt package}},
	Url = {https://bitbucket.org/Coin3D/soqt},
	Bdsk-Url-1 = {https://bitbucket.org/Coin3D/soqt}
}

@url{dd4hep,
	%Author = {{}},
	Lastchecked = {12/09/2018},
	Title = {{DD4HEP}},
	Url = {https://dd4hep.web.cern.ch/dd4hep/},
	Bdsk-Url-1 = {https://dd4hep.web.cern.ch/dd4hep/}
}

@url{fcc,
	Author = {{The Future Circular Collider Study Collaboration}},
	Lastchecked = {12/09/2018},
	Title = {{Future Circular Collider Study}},
	Url = {https://fcc.web.cern.ch/Pages/default.aspx},
	Bdsk-Url-1 = {https://fcc.web.cern.ch/Pages/default.aspx}
}

@url{clicdp,
	Author = {{The CLICdp Collaboration}},
	Lastchecked = {12/09/2018},
	Title = {{CLIC detector and physics study}},
	Url = {http://clicdp.web.cern.ch/},
	Bdsk-Url-1 = {http://clicdp.web.cern.ch/}
}


@url{WLCGproximity,
	Author = {{Marian Babik and Shawn McKee and Saul Youssef}},
	Lastchecked = {12/09/2018},
	Title = {{Proximity service}},
	Url = {https://indico.cern.ch/event/382624/attachments/762785/1046477/proximity.pdf},
	Bdsk-Url-1 = {https://indico.cern.ch/event/382624/attachments/762785/1046477/proximity.pdf}
}

@article{neo4jnetworkstudy,
	author       = {S. McKee and others},
	title        = {Integrating network and transfer metrics to optimize transfer efficiency and experiment workflows},
	journal        = {J. Phys. Conf. Ser.},
	volume         = {664},
	year           = {2015},
	pages          = {052003},
	doi            = {10.1088/1742-6596/664/5/052003},
}

@inproceedings{cmsDetectorDescription,
	author         = {M. Case and M. Liendl and A.T.M. Aerts and A. Muhammad and S. McKee and others},
	title          = {{CMS Detector Description : New Developments}},
	booktitle      = {{Computing in High Energy Physics and Nuclear Physics 2004}},
	year           = {2004},
	doi            = {10.5170/CERN-2005-002.498},
	%url            = {http://dx.doi.org/10.5170/CERN-2005-002.498}
}

