% Copyright (C) 2017, The HSF Community White Paper authors, licence CC-BY-4.0.
    
% When articles are published in arXiv uncomment and fill in the fields
%  eprint, primaryClass and archivePrefix; also update the author list
% If an article is published in a journal then update the bibtex to an
% "article" entry


@techreport{HSF-CWP-2017-01,
  title = {A Roadmap for HEP Software and Computing R\&D in the 2020s},
  author = "Antonio Augusto Alves Jr and Guilherme Amadio and Nguyen Anh-Ky and Laurent 
Aphecetche and John Apostolakis and Makoto Asai and Luca Atzori and Marian 
Babik and Giuseppe Bagliesi and Marilena Bandieramonte and Martin Barisits and 
Lothar A. T. Bauerdick and Stefano Belforte and Douglas Benjamin and Catrin 
Bernius and Wahid Bhimji and Riccardo Maria Bianchi and Ian Bird and Catherine 
Biscarat and Jakob Blomer and Kenneth Bloom and Tommaso Boccali and Brian 
Bockelman and Tomasz Bold and Daniele Bonacorsi and Antonio Boveia and Concezio 
Bozzi and Marko Bracko and David Britton and Andy Buckley and Predrag Buncic 
and Paolo Calafiura and Simone Campana and Philippe Canal and Luca Canali and 
Gianpaolo Carlino and Nuno Castro and Marco Cattaneo and Gianluca Cerminara and 
Philip Chang and John Chapman and Gang Chen and Taylor Childers and Peter 
Clarke and Marco Clemencic and Eric Cogneras and Ian Collier and Gloria Corti 
and Gabriele Cosmo and Davide Costanzo and Ben Couturier and Kyle Cranmer and 
Jack Cranshaw and Leonardo Cristella and David Crooks and Sabine Crépé-Renaudin 
and Sünje Dallmeier-Tiessen and Kaushik De and Michel De Cian and Alessandro Di 
Girolamo and Gancho Dimitrov and Caterina Doglioni and Andrea Dotti and Dirk 
Duellmann and Laurent Duflot and Dave Dykstra and Katarzyna 
Dziedziniewicz-Wojcik and Agnieszka Dziurda and Ulrik Egede and Peter Elmer and 
Johannes Elmsheuser and V. Daniel Elvira and Giulio Eulisse and Torben Ferber 
and Andrej Filipcic and Ian Fisk and Conor Fitzpatrick and José Flix and Andrea 
Formica and Alessandra Forti and Frank Gaede and Gerardo Ganis and Robert 
Gardner and Vincent Garonne and Andreas Gellrich and Krzysztof Genser and Simon 
George and Frank Geurts and Andrei Gheata and Mihaela Gheata and Francesco 
Giacomini and Stefano Giagu and Manuel Giffels and Douglas Gingrich and Maria 
Girone and Vladimir V. Gligorov and Ivan Glushkov and Wesley Gohn and Jose 
Benito Gonzalez Lopez and Isidro González Caballero and Juan R. González 
Fernández and Giacomo Govi and Claudio Grandi and Hadrien Grasland and Heather 
Gray and Lucia Grillo and Wen Guan and Oliver Gutsche and Vardan Gyurjyan and 
Andrew Hanushevsky and Farah Hariri and Thomas Hartmann and John Harvey and 
Thomas Hauth and Benedikt Hegner and Beate Heinemann and Lukas Heinrich and 
José M. Hernández and Michael Hildreth and Mark Hodgkinson and Stefan Hoeche 
and Peter Hristov and Xingtao Huang and Vladimir N. Ivanchenko and Todor Ivanov 
and Brij Jashal and Bodhitha Jayatilaka and Roger Jones and Michel Jouvin and 
Soon Yung Jun and Michael Kagan and Charles William Kalderon and Edward 
Karavakis and Daniel S. Katz and Dorian Kcira and Borut Paul Kersevan and 
Michael Kirby and Alexei Klimentov and Markus Klute and Ilya Komarov and 
Patrick Koppenburg and Jim Kowalkowski and Luke Kreczko and Thomas Kuhr and 
Robert Kutschke and Valentin Kuznetsov and Walter Lampl and Eric Lancon and 
David Lange and Mario Lassnig and Paul Laycock and Charles Leggett and James 
Letts and Birgit Lewendel and Teng Li and Guilherme Lima and Jacob Linacre and 
Tomas Linden and Giuseppe Lo Presti and Sebastian Lopienski and Peter Love and 
Zachary L Marshall and Edoardo Martelli and Stewart Martin-Haugh and Pere Mato 
and Kajari Mazumdar and Thomas McCauley and Josh McFayden and Shawn McKee and 
Andrew McNab and Helge Meinhard and Dario Menasce and Patricia Mendez Lorenzo 
and Alaettin Serhan Mete and Michele Michelotto and Jovan Mitrevski and Lorenzo 
Moneta and Ben Morgan and Richard Mount and Edward Moyse and Sean Murray and 
Mark S Neubauer and Sérgio Novaes and Mihaly Novak and Arantza Oyanguren and 
Nurcan Ozturk and Andres Pacheco Pages and Michela Paganini and Jerome Pansanel 
and Vincent R. Pascuzzi and Alex Pearce and Ben Pearson and Kevin Pedro and 
Gabriel Perdue and Antonio Perez-Calero Yzquierdo and Luca Perrozzi and Troels 
Petersen and Marko Petric and Jónatan Piedra and Leo Piilonen and Danilo Piparo 
and Witold Pokorski and Francesco Polci and Karolos Potamianos and Fernanda 
Psihas and Gerhard Raven and Jürgen Reuter and Alberto Ribon and Martin Ritter 
and James Robinson and Eduardo Rodrigues and Stefan Roiser and David Rousseau 
and Gareth Roy and Andre Sailer and Tai Sakuma and Renato Santana and Andrea 
Sartirana and Heidi Schellman and Jaroslava Schovancová and Steven Schramm and 
Markus Schulz and Andrea Sciabà and Sally Seidel and Sezen Sekmen and Cedric 
Serfon and Horst Severini and Elizabeth Sexton-Kennedy and Michael Seymour and 
Illya Shapoval and Jamie Shiers and Jing-Ge Shiu and Hannah Short and Gian 
Piero Siroli and Sam Skipsey and Tim Smith and Scott Snyder and Michael D 
Sokoloff and Hartmut Stadie and Giordon Stark and Gordon Stewart and Graeme 
Stewart and Alberto Sánchez-Hernández and Jeff Templon and Giacomo Tenaglia and 
Vakhtang Tsulaia and Christopher Tunnell and Eric Vaandering and Andrea Valassi 
and Sofia Vallecorsa and Liviu Valsan and Peter Van Gemmeren and Renaud Vernet 
and Brett Viren and Jean-Roch Vlimant and Christian Voss and Carl Vuosalo and 
Carlos Vázquez Sierra and Romain Wartel and Torre Wenaus and Sandro Wenzel and 
Frank Winklmeier and Christoph Wissing and Frank Wuerthwein and Benjamin Wynne 
and Zhang Xiaomei and Wei Yang and Efe Yazgan",
  institution = {HEP Software Foundation},
  collaboration = {The HEP Software Foundation},
  number = {HSF-CWP-2017-01},
  archivePrefix = "arXiv",
  eprint        = "1712.06982",
  primaryClass  = "physics.comp-ph",
  year = "2017",
}

@techreport{HSF-CWP-2017-02,
	title = {HEP Software Foundation Community White Paper Working Group -- Careers \& Training},
	author = "The HEP Software Foundation",
	year = 2017,
	institution = {HEP Software Foundation},
	number = {HSF-CWP-2017-02},
    %archivePrefix = "arXiv",
    %eprint        = "XXX.YYYY",
    %primaryClass  = "physics.comp-ph",
}

@techreport{HSF-CWP-2017-03,
	title = {HEP Software Foundation Community White Paper Working Group -- Conditions Data},
	author = "The HEP Software Foundation",
	year = 2017,
	institution = {HEP Software Foundation},
	number = {HSF-CWP-2017-03},
    %archivePrefix = "arXiv",
    %eprint        = "XXX.YYYY",
    %primaryClass  = "physics.comp-ph",
}

@techreport{HSF-CWP-2017-04,
	title = {HEP Software Foundation Community White Paper Working Group -- Data Organisation, Management and Access},
	author = "The HEP Software Foundation",
	year = 2017,
	institution = {HEP Software Foundation},
	number = {HSF-CWP-2017-04},
    %archivePrefix = "arXiv",
    %eprint        = "XXX.YYYY",
    %primaryClass  = "physics.comp-ph",
}

@techreport{HSF-CWP-2017-05,
	title = {HEP Software Foundation Community White Paper Working Group -- Data Analysis and Interpretation},
	author = "The HEP Software Foundation",
	year = 2017,
	institution = {HEP Software Foundation},
	number = {HSF-CWP-2017-05},
    archivePrefix = "arXiv",
    eprint        = "1804.03983",
    primaryClass  = "physics.comp-ph",
}

@techreport{HSF-CWP-2017-06,
	title = {HEP Software Foundation Community White Paper Working Group -- Data and Software Preservation},
	author = "The HEP Software Foundation",
	year = 2017,
	institution = {HEP Software Foundation},
	number = {HSF-CWP-2017-06},
    %archivePrefix = "arXiv",
    %eprint        = "XXX.YYYY",
    %primaryClass  = "physics.comp-ph",
}

@techreport{HSF-CWP-2017-07,
	title = {HEP Software Foundation Community White Paper Working Group -- Detector Simulation},
	author = "The HEP Software Foundation",
	year = 2017,
	institution = {HEP Software Foundation},
	number = {HSF-CWP-2017-07},
    archivePrefix = "arXiv",
    eprint        = "1803.04165",
    primaryClass  = "physics.comp-ph",
}

@techreport{HSF-CWP-2017-08,
	title = {HEP Software Foundation Community White Paper Working Group -- Event/Data Processing Frameworks},
	author = "The HEP Software Foundation",
	year = 2017,
	institution = {HEP Software Foundation},
	number = {HSF-CWP-2017-08},
    %archivePrefix = "arXiv",
    %eprint        = "XXX.YYYY",
    %primaryClass  = "physics.comp-ph",
}

@techreport{HSF-CWP-2017-09,
	title = {HEP Software Foundation Community White Paper Working Group -- Facilities and Distributed Computing},
	author = "The HEP Software Foundation",
	year = 2017,
	institution = {HEP Software Foundation},
	number = {HSF-CWP-2017-09},
    %archivePrefix = "arXiv",
    %eprint        = "XXX.YYYY",
    %primaryClass  = "physics.comp-ph",
}

@techreport{HSF-CWP-2017-10,
	title = {HEP Software Foundation Community White Paper Working Group -- Machine Learning},
	author = "The HEP Software Foundation",
	year = 2017,
	institution = {HEP Software Foundation},
	number = {HSF-CWP-2017-10},
    %archivePrefix = "arXiv",
    %eprint        = "XXX.YYYY",
    %primaryClass  = "physics.comp-ph",
}

@techreport{HSF-CWP-2017-11,
	title = {HEP Software Foundation Community White Paper Working Group -- Physics Generators},
	author = "The HEP Software Foundation",
	year = 2017,
	institution = {HEP Software Foundation},
	number = {HSF-CWP-2017-11},
    %archivePrefix = "arXiv",
    %eprint        = "XXX.YYYY",
    %primaryClass  = "physics.comp-ph",
}

@techreport{HSF-CWP-2017-12,
	title = {HEP Software Foundation Community White Paper Working Group -- Security},
	author = "The HEP Software Foundation",
	year = 2017,
	institution = {HEP Software Foundation},
	number = {HSF-CWP-2017-12},
    %archivePrefix = "arXiv",
    %eprint        = "XXX.YYYY",
    %primaryClass  = "physics.comp-ph",
}

@techreport{HSF-CWP-2017-13,
	title = {HEP Software Foundation Community White Paper Working Group -- Software Development, Deployment and Validation},
	author = "Benjamin Couturier and Giulio Eulisse and Hadrien Grasland and Benedikt Hegner and 
	Michel Jouvin and Meghan Kane and Daniel S. Katz and Thomas Kuhr and David Lange and 
	Patricia Mendez Lorenzo and Martin Ritter and Graeme Andrew Stewart and Andrea Valassi",
	year = 2017,
	institution = {HEP Software Foundation},
	number = {HSF-CWP-2017-13},
    archivePrefix = "arXiv",
    eprint        = "1712.07959",
    primaryClass  = "physics.comp-ph",
}

@techreport{HSF-CWP-2017-14,
	title = {HEP Software Foundation Community White Paper Working Group -- Software Trigger and Event Reconstruction},
	author = "The HEP Software Foundation",
	year = 2017,
	institution = {HEP Software Foundation},
	number = {HSF-CWP-2017-14},
    %archivePrefix = "arXiv",
    %eprint        = "XXX.YYYY",
    %primaryClass  = "physics.comp-ph",
}

@techreport{HSF-CWP-2017-15,
	title = {HEP Software Foundation Community White Paper Working Group -- Visualisation},
	author = "The HEP Software Foundation",
	year = 2017,
	institution = {HEP Software Foundation},
	number = {HSF-CWP-2017-15},
    %archivePrefix = "arXiv",
    %eprint        = "XXX.YYYY",
    %primaryClass  = "physics.comp-ph",
}

